@Manual{R-base,
  title = {R: A Language and Environment for Statistical Computing},
  author = {{R Core Team}},
  organization = {R Foundation for Statistical Computing},
  address = {Vienna, Austria},
  year = {2024},
  url = {https://www.R-project.org/},
}

@Manual{R-bindrcpp,
  title = {bindrcpp: An Rcpp Interface to Active Bindings},
  author = {Kirill Müller},
  year = {2023},
  note = {R package version 0.2.3},
  url = {https://github.com/krlmlr/bindrcpp},
}

@Manual{R-bookdown,
  title = {bookdown: Authoring Books and Technical Documents with R Markdown},
  author = {Yihui Xie},
  year = {2024},
  note = {R package version 0.39},
  url = {https://github.com/rstudio/bookdown},
}

@Manual{R-broom,
  title = {broom: Convert Statistical Objects into Tidy Tibbles},
  author = {David Robinson and Alex Hayes and Simon Couch},
  year = {2024},
  note = {R package version 1.0.6},
  url = {https://broom.tidymodels.org/},
}

@Manual{R-car,
  title = {car: Companion to Applied Regression},
  author = {John Fox and Sanford Weisberg and Brad Price},
  year = {2023},
  note = {R package version 3.1-2},
  url = {https://r-forge.r-project.org/projects/car/},
}

@Manual{R-colorspace,
  title = {colorspace: A Toolbox for Manipulating and Assessing Colors and Palettes},
  author = {Ross Ihaka and Paul Murrell and Kurt Hornik and Jason C. Fisher and Reto Stauffer and Claus O. Wilke and Claire D. McWhite and Achim Zeileis},
  year = {2024},
  note = {R package version 2.1-1},
  url = {https://colorspace.R-Forge.R-project.org/},
}

@Manual{R-confintr,
  title = {confintr: Confidence Intervals},
  author = {Michael Mayer},
  year = {2023},
  note = {R package version 1.0.2},
  url = {https://github.com/mayer79/confintr},
}

@Manual{R-datasauRus,
  title = {datasauRus: Datasets from the Datasaurus Dozen},
  author = {Colin Gillespie and Steph Locke and Rhian Davies and Lucy {D'Agostino McGowan}},
  year = {2024},
  note = {R package version 0.1.8},
  url = {https://github.com/jumpingrivers/datasauRus},
}

@Manual{R-DescTools,
  title = {DescTools: Tools for Descriptive Statistics},
  author = {Andri Signorell},
  year = {2024},
  note = {R package version 0.99.54},
  url = {https://andrisignorell.github.io/DescTools/},
}

@Manual{R-dplyr,
  title = {dplyr: A Grammar of Data Manipulation},
  author = {Hadley Wickham and Romain François and Lionel Henry and Kirill Müller and Davis Vaughan},
  year = {2023},
  note = {R package version 1.1.4},
  url = {https://dplyr.tidyverse.org},
}

@Manual{R-fontawesome,
  title = {fontawesome: Easily Work with Font Awesome Icons},
  author = {Richard Iannone},
  year = {2023},
  note = {R package version 0.5.2},
  url = {https://github.com/rstudio/fontawesome},
}

@Manual{R-forcats,
  title = {forcats: Tools for Working with Categorical Variables (Factors)},
  author = {Hadley Wickham},
  year = {2023},
  note = {R package version 1.0.0},
  url = {https://forcats.tidyverse.org/},
}

@Manual{R-ggmosaic,
  title = {ggmosaic: Mosaic Plots in the ggplot2 Framework},
  author = {Haley Jeppson and Heike Hofmann and Di Cook},
  year = {2021},
  note = {R package version 0.3.3},
  url = {https://github.com/haleyjeppson/ggmosaic},
}

@Manual{R-ggplot2,
  title = {ggplot2: Create Elegant Data Visualisations Using the Grammar of Graphics},
  author = {Hadley Wickham and Winston Chang and Lionel Henry and Thomas Lin Pedersen and Kohske Takahashi and Claus Wilke and Kara Woo and Hiroaki Yutani and Dewey Dunnington and Teun {van den Brand}},
  year = {2024},
  note = {R package version 3.5.1},
  url = {https://ggplot2.tidyverse.org},
}

@Manual{R-gridExtra,
  title = {gridExtra: Miscellaneous Functions for "Grid" Graphics},
  author = {Baptiste Auguie},
  year = {2017},
  note = {R package version 2.3},
  url = {https://CRAN.R-project.org/package=gridExtra},
}

@Manual{R-knitr,
  title = {knitr: A General-Purpose Package for Dynamic Report Generation in R},
  author = {Yihui Xie},
  year = {2024},
  note = {R package version 1.48},
  url = {https://yihui.org/knitr/},
}

@Manual{R-lubridate,
  title = {lubridate: Make Dealing with Dates a Little Easier},
  author = {Vitalie Spinu and Garrett Grolemund and Hadley Wickham},
  year = {2023},
  note = {R package version 1.9.3},
  url = {https://lubridate.tidyverse.org},
}

@Manual{R-mixdist,
  title = {mixdist: Finite Mixture Distribution Models},
  author = {Peter Macdonald and with contributions from Juan Du},
  year = {2018},
  note = {R package version 0.5-5},
  url = {https://www.r-project.org/},
}

@Manual{R-nycflights13,
  title = {nycflights13: Flights that Departed NYC in 2013},
  author = {Hadley Wickham},
  year = {2021},
  note = {R package version 1.0.2},
  url = {https://github.com/hadley/nycflights13},
}

@Manual{R-palmerpenguins,
  title = {palmerpenguins: Palmer Archipelago (Antarctica) Penguin Data},
  author = {Allison Horst and Alison Hill and Kristen Gorman},
  year = {2022},
  note = {R package version 0.1.1},
  url = {https://allisonhorst.github.io/palmerpenguins/},
}

@Manual{R-patchwork,
  title = {patchwork: The Composer of Plots},
  author = {Thomas Lin Pedersen},
  year = {2024},
  note = {R package version 1.2.0},
  url = {https://patchwork.data-imaginist.com},
}

@Manual{R-purrr,
  title = {purrr: Functional Programming Tools},
  author = {Hadley Wickham and Lionel Henry},
  year = {2023},
  note = {R package version 1.0.2},
  url = {https://purrr.tidyverse.org/},
}

@Manual{R-quarto,
  title = {quarto: R Interface to Quarto Markdown Publishing System},
  author = {JJ Allaire and Christophe Dervieux},
  year = {2024},
  note = {R package version 1.4},
  url = {https://github.com/quarto-dev/quarto-r},
}

@Manual{R-readr,
  title = {readr: Read Rectangular Text Data},
  author = {Hadley Wickham and Jim Hester and Jennifer Bryan},
  year = {2024},
  note = {R package version 2.1.5},
  url = {https://readr.tidyverse.org},
}

@Manual{R-readxl,
  title = {readxl: Read Excel Files},
  author = {Hadley Wickham and Jennifer Bryan},
  year = {2023},
  note = {R package version 1.4.3},
  url = {https://readxl.tidyverse.org},
}

@Manual{R-remotes,
  title = {remotes: R Package Installation from Remote Repositories, Including
GitHub},
  author = {Gábor Csárdi and Jim Hester and Hadley Wickham and Winston Chang and Martin Morgan and Dan Tenenbaum},
  year = {2024},
  note = {R package version 2.5.0},
  url = {https://remotes.r-lib.org},
}

@Manual{R-rmarkdown,
  title = {rmarkdown: Dynamic Documents for R},
  author = {JJ Allaire and Yihui Xie and Christophe Dervieux and Jonathan McPherson and Javier Luraschi and Kevin Ushey and Aron Atkins and Hadley Wickham and Joe Cheng and Winston Chang and Richard Iannone},
  year = {2024},
  note = {R package version 2.28},
  url = {https://github.com/rstudio/rmarkdown},
}

@Manual{R-rstatix,
  title = {rstatix: Pipe-Friendly Framework for Basic Statistical Tests},
  author = {Alboukadel Kassambara},
  year = {2023},
  note = {R package version 0.7.2},
  url = {https://rpkgs.datanovia.com/rstatix/},
}

@Manual{R-scales,
  title = {scales: Scale Functions for Visualization},
  author = {Hadley Wickham and Thomas Lin Pedersen and Dana Seidel},
  year = {2023},
  note = {R package version 1.3.0},
  url = {https://scales.r-lib.org},
}

@Manual{R-skimr,
  title = {skimr: Compact and Flexible Summaries of Data},
  author = {Elin Waring and Michael Quinn and Amelia McNamara and Eduardo {Arino de la Rubia} and Hao Zhu and Shannon Ellis},
  year = {2022},
  note = {R package version 2.1.5},
  url = {https://docs.ropensci.org/skimr/},
}

@Manual{R-stringr,
  title = {stringr: Simple, Consistent Wrappers for Common String Operations},
  author = {Hadley Wickham},
  year = {2023},
  note = {R package version 1.5.1},
  url = {https://stringr.tidyverse.org},
}

@Manual{R-tibble,
  title = {tibble: Simple Data Frames},
  author = {Kirill Müller and Hadley Wickham},
  year = {2023},
  note = {R package version 3.2.1},
  url = {https://tibble.tidyverse.org/},
}

@Manual{R-tidyr,
  title = {tidyr: Tidy Messy Data},
  author = {Hadley Wickham and Davis Vaughan and Maximilian Girlich},
  year = {2024},
  note = {R package version 1.3.1},
  url = {https://tidyr.tidyverse.org},
}

@Manual{R-tidyverse,
  title = {tidyverse: Easily Install and Load the Tidyverse},
  author = {Hadley Wickham},
  year = {2023},
  note = {R package version 2.0.0},
  url = {https://tidyverse.tidyverse.org},
}

@Book{bookdown2016,
  title = {bookdown: Authoring Books and Technical Documents with {R} Markdown},
  author = {Yihui Xie},
  publisher = {Chapman and Hall/CRC},
  address = {Boca Raton, Florida},
  year = {2016},
  isbn = {978-1138700109},
  url = {https://bookdown.org/yihui/bookdown},
}

@Book{car2019,
  title = {An {R} Companion to Applied Regression},
  edition = {Third},
  author = {John Fox and Sanford Weisberg},
  year = {2019},
  publisher = {Sage},
  address = {Thousand Oaks {CA}},
  url = {https://socialsciences.mcmaster.ca/jfox/Books/Companion/},
}

@Article{colorspace2020a,
  title = {{colorspace}: A Toolbox for Manipulating and Assessing Colors and Palettes},
  author = {Achim Zeileis and Jason C. Fisher and Kurt Hornik and Ross Ihaka and Claire D. McWhite and Paul Murrell and Reto Stauffer and Claus O. Wilke},
  journal = {Journal of Statistical Software},
  year = {2020},
  volume = {96},
  number = {1},
  pages = {1--49},
  doi = {10.18637/jss.v096.i01},
}

@Article{colorspace2009a,
  title = {Escaping {RGB}land: Selecting Colors for Statistical Graphics},
  author = {Achim Zeileis and Kurt Hornik and Paul Murrell},
  journal = {Computational Statistics \& Data Analysis},
  year = {2009},
  volume = {53},
  number = {9},
  pages = {3259--3270},
  doi = {10.1016/j.csda.2008.11.033},
}

@Article{colorspace2009b,
  title = {Somewhere over the Rainbow: How to Make Effective Use of Colors in Meteorological Visualizations},
  author = {Reto Stauffer and Georg J. Mayr and Markus Dabernig and Achim Zeileis},
  journal = {Bulletin of the American Meteorological Society},
  year = {2009},
  volume = {96},
  number = {2},
  pages = {203--216},
  doi = {10.1175/BAMS-D-13-00155.1},
}

@Book{ggplot22016,
  author = {Hadley Wickham},
  title = {ggplot2: Elegant Graphics for Data Analysis},
  publisher = {Springer-Verlag New York},
  year = {2016},
  isbn = {978-3-319-24277-4},
  url = {https://ggplot2.tidyverse.org},
}

@Book{knitr2015,
  title = {Dynamic Documents with {R} and knitr},
  author = {Yihui Xie},
  publisher = {Chapman and Hall/CRC},
  address = {Boca Raton, Florida},
  year = {2015},
  edition = {2nd},
  note = {ISBN 978-1498716963},
  url = {https://yihui.org/knitr/},
}

@InCollection{knitr2014,
  booktitle = {Implementing Reproducible Computational Research},
  editor = {Victoria Stodden and Friedrich Leisch and Roger D. Peng},
  title = {knitr: A Comprehensive Tool for Reproducible Research in {R}},
  author = {Yihui Xie},
  publisher = {Chapman and Hall/CRC},
  year = {2014},
  note = {ISBN 978-1466561595},
}

@Article{lubridate2011,
  title = {Dates and Times Made Easy with {lubridate}},
  author = {Garrett Grolemund and Hadley Wickham},
  journal = {Journal of Statistical Software},
  year = {2011},
  volume = {40},
  number = {3},
  pages = {1--25},
  url = {https://www.jstatsoft.org/v40/i03/},
}

@Book{rmarkdown2018,
  title = {R Markdown: The Definitive Guide},
  author = {Yihui Xie and J.J. Allaire and Garrett Grolemund},
  publisher = {Chapman and Hall/CRC},
  address = {Boca Raton, Florida},
  year = {2018},
  isbn = {9781138359338},
  url = {https://bookdown.org/yihui/rmarkdown},
}

@Book{rmarkdown2020,
  title = {R Markdown Cookbook},
  author = {Yihui Xie and Christophe Dervieux and Emily Riederer},
  publisher = {Chapman and Hall/CRC},
  address = {Boca Raton, Florida},
  year = {2020},
  isbn = {9780367563837},
  url = {https://bookdown.org/yihui/rmarkdown-cookbook},
}

@Article{tidyverse2019,
  title = {Welcome to the {tidyverse}},
  author = {Hadley Wickham and Mara Averick and Jennifer Bryan and Winston Chang and Lucy D'Agostino McGowan and Romain François and Garrett Grolemund and Alex Hayes and Lionel Henry and Jim Hester and Max Kuhn and Thomas Lin Pedersen and Evan Miller and Stephan Milton Bache and Kirill Müller and Jeroen Ooms and David Robinson and Dana Paige Seidel and Vitalie Spinu and Kohske Takahashi and Davis Vaughan and Claus Wilke and Kara Woo and Hiroaki Yutani},
  year = {2019},
  journal = {Journal of Open Source Software},
  volume = {4},
  number = {43},
  pages = {1686},
  doi = {10.21105/joss.01686},
}

